<record><leader>00000cas a2200000 a 4500</leader><controlfield tag="001">12619547</controlfield><controlfield tag="008">850930d193u1937inudn ne      0    0eng c</controlfield><datafield ind1=" " ind2=" " tag="010"><subfield code="a">sn 85048087 </subfield></datafield><datafield ind1=" " ind2=" " tag="040"><subfield code="a">NPI</subfield><subfield code="b">eng</subfield><subfield code="c">NPI</subfield><subfield code="d">CUI</subfield><subfield code="d">OCLCQ</subfield><subfield code="d">OCLCF</subfield></datafield><datafield ind1=" " ind2=" " tag="042"><subfield code="a">pcc</subfield></datafield><datafield ind1=" " ind2=" " tag="043"><subfield code="a">n-us-in</subfield></datafield><datafield ind1=" " ind2="4" tag="050"><subfield code="a">AN</subfield></datafield><datafield ind1="0" ind2=" " tag="130"><subfield code="a">New Albany ledger (New Albany, Ind. : 1936 : Daily)</subfield></datafield><datafield ind1="1" ind2="4" tag="245"><subfield code="a">The New Albany ledger.</subfield></datafield><datafield ind1=" " ind2=" " tag="260"><subfield code="a">New Albany, Ind. :</subfield><subfield code="b">New Albany Ledger Co.</subfield></datafield><datafield ind1=" " ind2=" " tag="300"><subfield code="a">v. :</subfield><subfield code="b">ill. ;</subfield><subfield code="c">55 cm.</subfield></datafield><datafield ind1=" " ind2=" " tag="310"><subfield code="a">Daily (except Sun.)</subfield></datafield><datafield ind1="1" ind2=" " tag="362"><subfield code="a">Began in late 1935 or early 1936; ceased in 1937.</subfield></datafield><datafield ind1=" " ind2=" " tag="588"><subfield code="a">Description based on: Apr. 1, 1936.</subfield></datafield><datafield ind1=" " ind2="0" tag="651"><subfield code="a">New Albany (Ind.)</subfield><subfield code="v">Newspapers.</subfield></datafield><datafield ind1=" " ind2="0" tag="651"><subfield code="a">Floyd County (Ind.)</subfield><subfield code="v">Newspapers.</subfield></datafield><datafield ind1=" " ind2="7" tag="655"><subfield code="a">Newspapers.</subfield><subfield code="2">fast</subfield><subfield code="0">(OCoLC)fst01423814</subfield></datafield><datafield ind1=" " ind2="7" tag="651"><subfield code="a">Indiana</subfield><subfield code="z">Floyd County.</subfield><subfield code="2">fast</subfield><subfield code="0">(OCoLC)fst01218075</subfield></datafield><datafield ind1=" " ind2="7" tag="651"><subfield code="a">Indiana</subfield><subfield code="z">New Albany.</subfield><subfield code="2">fast</subfield><subfield code="0">(OCoLC)fst01212578</subfield></datafield><datafield ind1=" " ind2=" " tag="752"><subfield code="a">United States</subfield><subfield code="b">Indiana</subfield><subfield code="c">Floyd</subfield><subfield code="d">New Albany.</subfield></datafield><datafield ind1="0" ind2="0" tag="780"><subfield code="t">New Albany ledger (New Albany, Ind. : Weekly)</subfield><subfield code="w">(DLC)sn 85048086</subfield><subfield code="w">(OCoLC)12618741</subfield></datafield><datafield ind1="0" ind2="7" tag="785"><subfield code="t">New Albany weekly tribune (New Albany, Ind. : 1888)</subfield><subfield code="w">(DLC)sn 85048077</subfield><subfield code="w">(OCoLC)12617944</subfield></datafield><datafield ind1="0" ind2="7" tag="785"><subfield code="t">New Albany ledger and tribune</subfield><subfield code="w">(DLC)sn 85047516</subfield><subfield code="w">(OCoLC)11810481</subfield></datafield></record>